<record><leader>00000cas a22000007a 4500</leader><controlfield tag="001">27972785</controlfield><controlfield tag="008">930423d191619uutxucr ne      0    0eng d</controlfield><datafield ind1=" " ind2=" " tag="010"><subfield code="a">sn 93068226 </subfield></datafield><datafield ind1=" " ind2=" " tag="040"><subfield code="a">PPM</subfield><subfield code="b">eng</subfield><subfield code="c">PPM</subfield><subfield code="d">OCLCQ</subfield></datafield><datafield ind1=" " ind2=" " tag="042"><subfield code="a">msc</subfield></datafield><datafield ind1="0" ind2="4" tag="245"><subfield code="a">The Marfa star.</subfield></datafield><datafield ind1=" " ind2=" " tag="260"><subfield code="a">Marfa, Tex. :</subfield><subfield code="b">Sgt. Harry Garrison</subfield></datafield><datafield ind1=" " ind2=" " tag="300"><subfield code="a">v.</subfield></datafield><datafield ind1=" " ind2=" " tag="310"><subfield code="a">Semiweekly</subfield></datafield><datafield ind1="1" ind2=" " tag="362"><subfield code="a">Began in 1916.</subfield></datafield><datafield ind1=" " ind2=" " tag="500"><subfield code="a">"Published in the Interest of the Soldiers of the Big Bend District."</subfield></datafield><datafield ind1=" " ind2=" " tag="588"><subfield code="a">Description based on : vol. 1, no. 25 (Aug. 25, 1916).</subfield></datafield><datafield ind1=" " ind2=" " tag="752"><subfield code="a">United States</subfield><subfield code="b">Texas</subfield><subfield code="c">Presidio</subfield><subfield code="d">Marfa.</subfield></datafield></record>